@book{ricci2011introduction,
  title={Introduction to recommender systems handbook},
  author={Ricci, Francesco and Rokach, Lior and Shapira, Bracha},
  booktitle={Recommender systems handbook},
  pages={1--35},
  year={2011},
  publisher={Springer}
}

@book{jannach2010recommender,
  title={Recommender systems: an introduction},
  author={Jannach, Dietmar and Zanker, Markus and Felfernig, Alexander and Friedrich, Gerhard},
  year={2010},
  publisher={Cambridge University Press}
}