@book{prodanov,
  author = {Prodanov, Cleber Cristiano and Freitas, Ernani Cesar de},
  title  = {Metodologia do Trabalho Científico: Métodos e Técnicas da Pesquisa e do Trabalho Acadêmico},
  publisher = {Feevale},
  year      = 2013,
  address   = {Novo Hamburgo},
  edition   = 2,
  isbn = {978-85-7717-158-3}
}

@manual{NBR14724:2011,
	Address = {Rio de Janeiro},
	Date-Added = {2013-03-18 14:19:32 +0000},
	Date-Modified = {2013-03-18 14:20:15 +0000},
	Month = mar,
	Organization = {Associação Brasileira de Normas Técnicas},
	Pages = 15,
	Subtitle = {Informação e documentação --- Trabalhos acadêmicos --- Apresentação},
	Title = {{ABNT NBR} 14724:2011},
	Year = 2011
}

@misc{siteLatex,
  author = {Latex},
  title = {LaTeX – A document preparation system},
  year = 1994,
  url = {https://www.latex-project.org/about/},
  urlaccessdate={27 abr. 2019},
}